2958 5096
295 356 405 409 rrum
424 355 598 410 merosus
616 333 953 414 usuooesunonuu.
1166 361 1182 412 r

58 521 139 610 plus
161 520 297 589 lectione
319 543 416 611 quam
437 522 520 607 oibo,
542 545 628 590 nuno
642 523 840 611 singulorum
860 526 1061 593 oonsiderare
1081 526 1116 591 in
1135 526 1181 592 ‹li-
1257 587 1260 590 .

57 606 168 672 versis
196 605 310 674 officiis
339 605 460 690 studia,
488 628 575 673 nuno
603 609 750 695 gravium
778 610 843 674 iam
871 610 960 676 senio
982 629 1040 680 seu
1061 608 1182 696 langui·

61 689 374 840 d⁰mm'„l,1¹,¹,⁰m⁰d⁰
397 691 452 779 qui
491 712 532 757 ne
552 690 667 776 valeat,
688 691 870 780 perdiscere
890 714 1012 776 causas,
1034 713 1120 760 nuno
1140 693 1183 758 ad

61 773 169 840 instar
258 774 265 791 '
292 772 435 862 paradisi
500 784 572 842 eota
592 785 775 842 sanatorum
796 786 916 844 terere·
937 775 1057 848 limina.

152 855 265 941 Orode,
287 867 380 945 pater
401 867 434 925 at
454 858 591 943 domine,
614 860 710 927 oredo
731 881 821 926 sacra
834 871 868 926 et
881 859 1073 927 venerabilis
1117 859 1182 926 hal-

59 939 160 1025 lanx,
181 938 248 1006 solo
269 942 344 1007 mel
359 943 475 1008 affeetu
490 943 735 1026 miserirordiae,
758 943 833 1010 solis
847 945 982 1093 (pietatis
1002 883 1182 1093 pumilus:i

61 1023 141 1090 solis
167 1025 293 1092 animae
320 1024 374 1091 hio
400 1024 596 1113 profectibus
623 1027 666 1094 sd
691 1034 818 1113 tempus
869 1029 1003 1111 stenen,
1036 1037 1068 1093 et
1094 1048 1158 1116 quo

60 1107 113 1173 his
136 1120 186 1174 est
206 1107 359 1196 amplius,
382 1108 568 1198 tranquillid
588 1111 689 1177 nostri
709 1111 794 1198 regis
815 1120 847 1176 et
873 1110 995 1177 domini
1014 1119 1181 1198 potestate.

63 1190 219 1264 (lotorum
241 1195 499 1280 quamprimum
520 1192 651 1260 valuero
674 1205 706 1260 et
730 1193 816 1276 mihi
835 1191 916 1260 oaeli
936 1195 1097 1261 Dominus
1123 1217 1183 1282 per

62 1275 157 1362 pium
201 1277 357 1364 rinoipem
378 1287 505 1343 nootem
528 1279 679 1344 maeroris
704 1279 847 1366 meisque
868 1278 1005 1365 captivis
1027 1279 1104 1378 iuga
1124 1279 1182 1343 mi-

64 1360 169 1425 seriae
178 1298 356 1443 {emiserit
370 1361 398 1426 si
411 1372 520 1428 tamen
534 1361 834 1450 quomodocumque
845 1359 1082 1426 clementissimi
1096 1362 1181 1448 prin-

62 1443 149 1529 cipis
159 1443 335 1514 iocundum
346 1444 478 1533 quivero
489 1446 623 1512 emereri
633 1447 834 1532 permissum,
848 1466 926 1510 mox
936 1443 978 1509 ad
987 1453 1096 1509 vestra
1107 1464 1180 1508 eon-

63 1527 176 1611 sortia,
184 1525 537 1594 nullaoliavitaoomite
545 1527 692 1595 detentus
701 1526 1055 1616 occasione,repedsbo.
1066 1525 1181 1592 Nullae

62 1631 127 1690 me,
144 1611 273 1693 credite,
284 1610 425 1692 divitiae,
437 1609 524 1678 nulla
533 1610 656 1699 predia,
666 1611 754 1678 nulla
763 1610 929 1678 flaventis⁰
944 1607 1063 1678 metalli
1077 1610 1179 1696 eopia,

59 1691 172 1760 nullus
183 1691 400 1782 quorumlibet
409 1695 868 1784 affectusavsstro‘poterunt
878 1716 1025 1782 separare
1034 1692 1180 1780 collegio.

149 1775 197 1842 Te
217 1778 342 1877 itaque,
363 1786 455 1864 pater
475 1777 675 1863 ducissime,
696 1801 835 1867 vosque,
857 1800 876 1844 o
899 1778 1053 1843 carissimi
1073 1787 1181 1863 patros

61 1868 95 1926 et
115 1859 241 1944 fratres,
262 1859 398 1950 mploro,
418 1883 477 1949 pro
498 1883 550 1928 ma
572 1863 721 1929 continue
735 1863 955 1930 beatissimum
978 1881 1181 1926 communem

62 1955 191 2032 patrem
218 1954 251 2011 et
300 1953 496 2031 reseptorsm
524 1966 658 2032 poscere
684 1945 861 2032 dignamini
888 1943 1115 2026 Benedictum,
1144 1954 1181 2008 ut

62 2029 132 2094 suis
154 2048 175 2091 a
197 2027 242 2092 ud
257 1966 419 2094 (ilristum
442 2026 591 2094 obteneat
603 2029 734 2112 meritis,
755 2039 792 2094 ιιι
804 2049 857 2094 me
872 2028 1057 2115 quantotius
1071 2025 1180 2114 digne·

60 2121 117 2178 tur
130 2049 264 2176 reluere
280 2109 383 2176 vobis.
427 2110 529 2199 Spero
552 2133 570 2176 e
593 2110 701 2177 uidem
722 2113 756 2177 in
776 2111 849 2177 Deo
871 2121 990 2194 nostro,
1012 2112 1069 2198 qui
1089 2131 1180 2175 num·

63 2217 164 2283 quam
191 2193 224 2258 in
254 2192 348 2258 bonis
369 2194 489 2281 patitur
510 2133 675 2262 dsslleriis
697 2218 893 2296 quemquam
919 2193 1069 2277 fraudari,
1094 2192 1180 2293 qnod

62 2301 116 2344 me
140 2277 316 2344 seeundum
344 2275 520 2344 anhelantis
545 2280 609 2345 mei
630 2279 736 2346 cordis
757 2280 950 2346 desiderium
972 2277 1065 2344 vobis
1087 2286 1180 2343 orum

60 2362 212 2429 restituat
240 2383 314 2427 uum
343 2382 484 2450 congruo
511 2361 627 2432 fructu.
681 2362 887 2451 Superfluum
911 2362 1004 2430 vobis
1036 2360 1180 2442 aestimo,

65 2455 102 2511 ιιι
122 2445 293 2510 effundatis
312 2466 425 2531 preses
452 2468 511 2533 pro
532 2447 649 2514 nostris
670 2447 807 2513 dominis
832 2467 1005 2533 eorumque
1027 2443 1180 2526 exercitu,

65 2529 219 2610 scribere,
242 2550 317 2593 oum
339 2529 455 2611 seiam,
483 2551 541 2595 vos
562 2531 595 2594 in
616 2529 677 2595 hoo
697 2532 768 2618 ipso
791 2523 1098 2616 semperinsistaro3
1120 2547 1179 2626 pro

66 2611 183 2677 domno
202 2609 270 2676 ills
284 2610 411 2696 abbate,
432 2613 516 2678 siout
527 2621 561 2680 et
580 2612 694 2696 facitis,
717 2613 879 2680 Christum
893 2611 1067 2699 deposcite,
1089 2632 1180 2676 ouius

65 2694 118 2762 hio
144 2696 173 2761 si
251 2695 299 2760 ori
325 2705 398 2782 post
425 2695 637 2784 principalem
657 2696 907 2762 munificentiam
930 2695 1065 2761 ‘''nutrior
1085 2692 1228 2780 largi-⁸12.
1240 2720 1274 2760 n.

66 2789 140 2847 tate.
189 2787 287 2858 ,anta
306 2777 395 2862 mihi,
416 2780 581 2864 carissimi,
603 2790 707 2858 uestro
727 2779 803 2844 illuo
824 2780 918 2867 eopia
939 2778 1063 2859 existit,
1084 2788 1130 2859 ut,
1152 2776 1180 2841 si

64 2861 173 2930 vellim
193 2884 252 2929 vos
273 2861 475 2950 singulariter
502 2886 703 2951 nuncupare,
735 2872 802 2930 tots
829 2863 909 2929 huso
936 2861 1052 2929 vestris
1079 2860 1179 2926 nomi-

64 2946 160 3013 nibus
180 2947 301 3034 pngina
321 2968 385 3012 non
406 2948 509 3033 possit
522 2947 676 3018 sufficere.
719 2946 814 3012 Unde
829 2944 1020 3034 generaliter
1033 2942 1181 3011 omnibus

65 3042 99 3096 et
119 3041 195 3118 opto
222 3040 254 3096 et
274 3029 380 3098 scribo
408 3029 557 3115 salutem,
587 3031 773 3114 obsecrans,
802 3039 925 3096 utnon
943 3028 1181 3096 obliviscamini

65 3114 139 3180 mei.
174 3113 222 3179 Te
243 3135 329 3198 vero,
350 3114 396 3178 mi
417 3112 546 3181 domine
567 3123 599 3180 et
618 3113 810 3180 venerabilis
831 3113 931 3196 abba,
957 3135 1015 3180 seu
1037 3111 1180 3212 quicum·

67 3198 152 3285 quel
173 3219 222 3281 es,
251 3219 357 3264 nonne
384 3220 441 3285 pre
465 3199 560 3281 usito,
611 3208 680 3280 eto,
708 3209 745 3264 ιιι
765 3196 843 3263 mihi
864 3196 960 3263 soribi
987 3197 1112 3262 montis
1140 3192 1181 3259 de

65 3291 171 3348 vestra
191 3280 390 3370 fratrumque
461 3291 530 3364 ute,
557 3219 611 3346 vel
636 3280 747 3369 quales
776 3281 868 3347 vobis
897 3280 1021 3346 ἲιιιοιιιι
1049 3299 1182 3379 presens

68 3385 167 3439 sonus
193 3362 356 3446 adnssent3
386 3375 485 3452 utque
512 3365 637 3431 eorsumi
671 3364 804 3430 nontam
831 3364 911 3430 mihi
936 3363 1080 3449 dirigatus
1107 3382 1182 3425 oum

68 3447 249 3514 nominibus
269 3467 448 3531 numerum,
494 3448 528 3513 ui
548 3447 717 3514 mundanis
739 3448 827 3514 exuti
847 3447 984 3514 vinculis
1005 3447 1183 3530 migrarunt

67 3531 110 3597 ad
131 3527 303 3596 Christum.
344 3529 430 3597 Nam
450 3471 605 3632 plurimos
626 3531 743 3599 obiisse
771 3530 885 3615 audi03
914 3530 972 3597 sed
992 3527 1181 3594 nominatim

68 3613 230 3680 nonnumk
251 3610 308 3697 itt,
359 3615 410 3699 ui,
439 3638 467 3680 si
494 3638 569 3682 vers
588 3615 633 3681 ita
660 3623 723 3698 est,
752 3614 817 3679 mei
843 3613 949 3680 sordis
973 3621 1097 3700 partem
1117 3630 1182 3674 non

67 3696 227 3764 modicam
248 3696 306 3762 abs
365 3708 378 3764 t
399 3719 519 3765 seeum.
554 3697 644 3781 Vale,
665 3706 756 3784 pstor
777 3698 987 3781 sanctissime,
1009 3706 1042 3762 et
1059 3713 1181 3760 memor

69 3803 139 3850 essa
159 3779 292 3930 difflue
312 3779 403 3864 filioli
423 3782 479 3848 tui.

274 3863 396 3933 fluebat
416 3864 539 3932 decimo
560 3862 600 3931 de
621 3885 729 3931 meme
751 3863 890 3932 ‹liaoulu¹
911 3864 993 3946 Iani,

183 3948 330 4034 Margine
351 3946 392 4016 de
412 3950 532 4015 vitreae
553 3970 628 4015 oum
650 3971 723 4014 sum
743 3947 865 4016 directa
884 3945 1045 4015 Mosellae.

186 4029 269 4096 Oum
289 4041 381 4118 patre
402 4030 553 4098 mellifluo
571 4031 687 4100 sratrm
708 4032 776 4098 sine
797 4031 861 4100 fine
882 4029 1000 4098 ruletsi

70 4195 94 4250 a)
108 4200 191 4236 terrers
206 4204 224 4236 a
258 4191 284 4247 b)
299 4201 352 4236 ansa
365 4203 383 4235 a.
413 4190 435 4246 o)
450 4191 483 4234 tto
496 4195 592 4246 ernau:
607 4197 711 4248 patrinus
724 4205 756 4244 ar
770 4193 896 4236 susanna·
912 4191 960 4234 Lot.
997 4191 1022 4244 d)
1037 4184 1182 4240 tranquillat

70 4251 204 4306 allubenti·
218 4263 275 4296 eorr-
290 4251 396 4294 urentis
410 4263 429 4296 a.
464 4249 556 4306 overe
576 4264 594 4296 s.
625 4251 650 4306 ς)
662 4264 707 4305 pro
721 4253 807 4295 somine
821 4251 923 4303 ροιιιιιιι.
953 4247 977 4302 h)
994 4256 1180 4301 quorumquam

70 4313 161 4355 nonina
167 4323 190 4364 p.
197 4313 289 4366 ΜΝ.
295 4322 318 4356 ο.
324 4311 620 4364 squammosus.
635 4311 776 4366 onomat
789 4308 1024 4363 ufarranneinim
1038 4305 1181 4360 lldsteolne.
