2984 5092
279 326 284 333 ’
352 352 578 406 nntrsemun
597 351 714 405 iussn
733 351 906 404 neotum.
1136 351 1189 403 sto

58 521 164 586 ducis
189 519 429 602 Βοπουεηιαπί,
451 522 548 608 eujus
569 522 670 586 uxori
695 520 916 622 Adelperqoe,
943 518 1056 584 tineae
1075 517 1189 603 filiae,

43 603 300 691 familiaritate
327 606 519 690 coujunctos
541 613 628 687 erat,
656 605 706 669 vel
727 607 764 671 in
785 604 894 670 nieuw
915 603 1113 669 monasterio
1130 601 1190 670 Oa·

55 689 195 754 sistenti
216 688 314 775 deqit,
336 687 482 755 nondum·
497 687 622 754 Korolo
642 691 713 775 νομί
733 688 915 754 addietus¹.
956 686 1058 753 Huie-
1081 687 1191 757 uidem

56 782 129 838 tem
155 773 207 837 ori
236 775 432 838 conueniunt
454 794 537 859 quoe
559 771 598 838 do
612 770 752 856 filiabus
775 772 821 837 acl
843 769 1016 855 Aufidum,
1092 793 1190 838 eoum

56 866 95 920 et
120 794 249 938 ierom,
281 857 304 920 i.
327 879 352 922 e.
375 857 453 921 doci
476 856 718 938 Beneuentano,
740 858 813 943 reqi
833 855 1040 921 Francorum
1061 864 1093 918 et
1112 855 1190 923 toci

57 941 308 1007 Baioariorum
321 942 434 1026 nuptie
448 950 478 1005 et
497 940 538 1006 de
555 939 639 1006 Adel
662 942 711 1007 iso
733 939 934 1005 ‘Bardo-rum
953 961 1011 1024 spe
1032 940 1189 1013 manimo'

53 1025 237 1112 loquente,
286 1046 347 1089 une
376 1033 458 1090 certe
486 1023 609 1090 Paulus
635 963 741 1090 dicere
762 1046 828 1090 nou
852 1032 990 1110 poterat,
1015 1033 1190 1110 postquam

59 1111 103 1173 iot
134 1107 247 1174 aulum
300 1107 387 1174 eroli
415 1110 511 1191 venit,
540 1111 597 1194 qui
617 1107 786 1174 Desiderii
814 1117 927 1172 uatem
955 1106 1190 1194 repudiaverat

55 1215 107 1258 ne
153 1191 429 1278 ebooqobordie
452 1191 554 1258 unm
576 1213 665 1278 opem
692 1194 781 1279 reqie
809 1213 850 1256 eor
874 1213 990 1278 ρατιονε
1020 1191 1190 1258 Desiderii

58 1298 102 1341 re
116 1285 255 1361 squerat.
1018 1271 1057 1338 θ.
1079 1274 1126 1340 W.

121 1429 266 1498 SUPER
288 1417 556 1497 SEPULCRUM
576 1429 769 1498 DOMNAE
790 1429 907 1497 Auso
927 1427 1139 1496 unomen.

151 1532 271 1598 Lnetee
292 1529 478 1619 splendifico
500 1555 582 1620 quoe
603 1531 697 1620 fulgit
717 1531 831 1599 tumbe
851 1530 978 1598 metello

153 1614 367 1683 Reddendum
388 1616 581 1718 quandoque
602 1625 689 1684 tenet
708 1614 868 1683 laudabile
890 1636 1016 1702 corpus.

152 1700 216 1766 Hie
237 1721 377 1787 nemque
399 1702 535 1766 Ausonis
556 1701 674 1766 coniux
695 1698 908 1788 pulcherrima
929 1701 1014 1785 regie

153 1782 244 1849 Anse
263 1785 356 1867 ieset,
378 1794 481 1850 totum
503 1804 629 1872 semper
649 1784 775 1850 victuro
795 1804 855 1870 per
875 1784 986 1850 orbem

153 1867 302 1932 Femosis
323 1869 454 1951 meritis,
475 1868 554 1934 dum
575 1866 704 1934 stabunt
724 1865 845 1954 temple
866 1866 1030 1950 Tonantis,

150 1951 238 2016 Dum
259 1949 353 2017 flores
374 1962 414 2018 e·
435 1953 537 2034 terris,
559 1952 637 2019 dum
657 1950 765 2016 lumen
786 1953 828 2016 ab
850 1951 977 2018 aethere
999 1952 1110 2038 surgit.

83 2093 86 2099 .
151 2033 243 2101 Haeo
264 2035 401 2123 pubium
422 2033 514 2103 bellis
534 2034 674 2103 lneerem
695 2037 889 2123 iamiamque
909 2045 1054 2102 ruentem

151 2118 311 2206 Oompere
332 2141 407 2185 eum
428 2142 547 2208 magno
568 2118 712 2186 relevent
734 2117 889 2188 stabilivit
909 2135 942 2186 et
962 2119 1061 2185 auxit

148 2201 286 2268 Protulit
305 2203 384 2268 bueo
404 2203 508 2286 nobis,
529 2207 620 2290 regni
642 2205 697 2290 qui
719 2212 844 2290 seeptro
864 2213 994 2285 teneret,

148 2283 305 2372 Adelgisl
325 2309 489 2374 magnum,
509 2286 674 2374 formaque
695 2287 867 2373 animoque
888 2294 1061 2388 potentem,

152 2367 209 2433 'In
231 2390 295 2456 quo
316 2391 376 2457 per
396 2369 560 2437 Christum
582 2370 697 2436 Berdis
718 2377 792 2457 spei
814 2392 956 2435 mamma
977 2369 1103 2434 mansit.
1211 2391 1234 2433 n
1250 2379 1301 2425 m

149 2453 260 2519 Fortia
280 2464 426 2520 netarum
448 2452 596 2520 thalamis
616 2455 678 2522 sibi
699 2465 831 2542 pectore
851 2454 966 2536 iunxit,

149 2536 312 2604 Disoiesos
332 2547 472 2620 nectens,
494 2538 625 2624 rapidus
647 2559 729 2626 quos
749 2535 887 2603 Aufidus
908 2537 1018 2618 ambit,

148 2619 245 2686 Pacis
264 2642 374 2687 emore
394 2619 510 2706 ligans,
530 2623 663 2708 cingunt
684 2633 785 2709 quos⁶
805 2621 914 2687 Renus
936 2633 968 2687 et
988 2620 1109 2687 Hister.

148 2703 235 2786 Quin
256 2705 353 2770 etiem
373 2715 502 2775 aeterno
524 2706 642 2771 mansit
662 2727 721 2770 sue
766 2705 847 2770 ontio
868 2705 960 2790 Regi,

150 2787 303 2874 Virgineo
325 2811 340 2853 s
364 2786 494 2855 lendore
515 2790 647 2872 misens,
668 2788 717 2855 his
739 2728 848 2855 dedite
868 2787 996 2875 templis
1005 2799 1027 2853 ².

148 2869 296 2938 Ouitibus
358 2873 488 2939 titbroni
509 2882 644 2962 quantes
664 2872 844 2938 firndeverit
864 2871 970 2955 aedes,

150 2957 302 3042 Quosque
322 2955 503 3044 frequentet
523 2980 631 3045 egens,
653 2956 767 3046 pandit
787 2956 869 3023 bene
890 2978 999 3021 rumor
1019 2954 1148 3044 ubique.

149 3035 289 3105 Securus
310 3039 374 3105 iam
397 3062 492 3128 carpe
513 3045 611 3123 viem,
657 3063 710 3107 ere
751 3042 758 3056 ‘
785 3063 822 3105 ue
842 3040 885 3106 eb
907 3041 971 3106 oris

148 3121 302 3195 Oooidnis
324 3125 468 3211 quisquis
489 3063 665 3191 venerandi
686 3146 704 3190 o
772 3125 826 3189 ine
846 3123 933 3189 Petri

149 3203 410 3294 Gergnniemque
431 3209 513 3308 'petis
534 3231 649 3297 rupem
670 3206 860 3275 venerabilis
881 3208 973 3272 antri

147 3288 255 3355 Huius
276 3289 317 3355 ab
338 3291 460 3357 ouxibo
482 3303 570 3359 tutus
590 3315 655 3358 non
676 3291 740 3358 telo
759 3290 899 3373 latronis,

46 3426 52 3434 .
147 3372 283 3459 Ibigore
303 3372 354 3440 vel
375 3374 502 3441 nimbos
523 3376 615 3442 furve
636 3375 696 3442 sub
717 3385 810 3441 nocte
831 3374 972 3441 timebis:

147 3454 266 3542 Ample
287 3455 381 3522 simul
401 3481 475 3523 nom
497 3470 580 3526 teoto
601 3457 660 3526 tibi
680 3469 871 3546 pastumque
915 3458 1026 3523 erevit.

146 3536 245 3605 Plura
264 3537 352 3628 loqui
373 3543 506 3608 invitem
527 3543 666 3610 brevitas
688 3550 776 3607 vetet
796 3479 933 3629 inprobo
953 3539 1112 3626 linguem5

147 3620 346 3690 Concludam
367 3628 495 3713 paucis:
518 3625 670 3714 quiequid
691 3626 810 3712 pietate
831 3622 999 3706 redundet,

146 3705 311 3795 Quicquid
331 3718 437 3775 mente
458 3704 568 3791 rniost,
586 3720 751 3798 gestorum
771 3717 829 3773 eut
848 3705 920 3773 luoe
942 3717 1097 3790 coruscet,

144 3789 185 3856 In
205 3801 237 3857 te
259 3802 376 3857 ennete
399 3790 502 3877 simul,
523 3793 647 3880 fulgens
668 3793 790 3878 regine,
810 3791 969 3858 manebat
1056 3845 1057 3848 ,

56 3913 81 3968 ι)
100 3924 147 3957 ..ο
162 3917 209 3957 tot.
270 3915 294 3970 b)
310 3927 325 3967 ς
340 3928 351 3958 e
365 3928 423 3960 corr.
439 3929 457 3959 e.
518 3917 540 3972 e)
556 3921 587 3961 tto
603 3919 682 3961 sumu.
698 3919 786 3969 Hauptt
802 3917 918 3958 eborentts
934 3928 951 3956 e.

59 4007 89 4076 l)
111 4007 154 4077 Cs.
173 4027 258 4078 supro
276 4028 303 4080 p.
322 4013 349 4066 4.
444 4011 475 4082 2)
493 4013 690 4084 Amelherqom,
715 4013 877 4066 etecusam
894 4010 1095 4066 monateriis.
1113 4010 1175 4064 eat

56 4083 160 4136 tatoris
175 4083 304 4137 Brioioui
323 4102 341 4137 o
352 4084 492 4140 Derides-io
511 4097 536 4140 et
554 4086 631 4142 Amo
640 4086 764 4156 feminei,
783 4093 813 4140 ut
829 4086 950 4153 amoma
967 4103 994 4138 a.
1014 4085 1075 4148 769,
1096 4083 1169 4138 Mon.

49 4165 130 4222 potr.
150 4155 234 4222 XIII,
256 4159 300 4222 70,
318 4159 401 4224 dotet,
420 4158 537 4230 intelligi,
555 4161 653 4228 Haupt
670 4158 779 4214 monuit
