2984 5092
192 402 304 455 PAULI
322 402 501 458 HISTORIA·
514 397 851 458 LANGOBARDORUM.
888 404 960 460 ΗΒ.
980 404 1029 459 v1.
1126 407 1180 459 227

44 587 119 632 nec
141 567 211 633 eius
229 568 372 716 'elliplies¹
397 570 432 634 in
454 567 609 636 ecclesiol
630 569 811 636 introducta
832 581 890 655 est,
918 594 977 638 nee
998 595 1116 640 nomen
1135 575 1178 641 ad

51 651 233 717 missarum
255 673 290 717 so
314 654 444 738 empnia
463 651 634 739 prolatum·
711 653 760 718 ὀο
782 673 856 718 cum
883 677 1001 722 annum
1027 679 1127 722 unum
1148 668 1180 724 et

49 756 120 799 sex
141 735 305 802 mensibus
318 750 454 822 regnum
472 737 633 822 gessisset,
655 747 766 803 eontra
780 758 854 802 aum
865 737 1083 826 Anastasiust,
1106 745 1178 829 qui¹

51 826 94 882 et
106 817 272 884 Artemius
286 818 391 884 dictus
411 830 469 902 est,
490 821 659 906 insurgens
676 843 765 888 veum
785 822 907 906 regnoe
922 823 1046 912 expulit
1067 825 1180 890 oeulis

80 901 145 965 uei
177 902 330 988 privavit,
356 925 417 970 nec
442 913 549 969 tamen
581 904 651 970 occi
676 905 709 971 ‘t
757 904 822 970 Hic
848 903 1036 974 Anastasius
1060 908 1208 990 litteras

88 987 270 1050 onstsntino
299 1008 403 1086 papae
432 987 568 1053 Romam
588 999 682 1074 peri
712 987 925 1055 scolasticum
974 992 1119 1057 atrieium
1147 1002 1180 1058 et

52 1089 215 1134 exarcum
236 1068 348 1136 Italrae
369 1069 495 1152 direxit,
518 1071 636 1158 quibus
651 1093 685 1137 se
705 1071 884 1138 fautorcml
906 1095 945 1138 ea
981 1073 1081 1142 olicae
1102 1075 1178 1141 fidei

51 1161 92 1217 et
113 1152 230 1218 sanctii
255 1155 339 1219 sexti
361 1154 490 1220 concilii
510 1153 766 1242 praedicatorem
784 1177 853 1220 esse
876 1155 1058 1222 declaravit.
1241 1169 1245 1182 ·

112 1234 193 1300 ’ta
235 1235 339 1307 I'tur
369 1247 541 1326 postquam
569 1237 764 1326 Ansprandi
795 1247 875 1325 aput
903 1239 1087 1307 Baioariam
1112 1243 1177 1307 iam

53 1340 178 1385 novem
200 1322 337 1407 expetis
358 1323 450 1388 annis
475 1319 646 1404 exulasset,
673 1329 819 1409 promoto
839 1321 968 1388 tandem
988 1324 1176 1412 Teutpertoi

55 1401 189 1468 decimo
216 1426 301 1470 anno
323 1405 545 1471 Baioariorum
567 1406 718 1488 tueare,
746 1406 909 1471 exercitun
943 1408 1032 1472 venit
1050 1407 1177 1474 Italiam

49 1507 77 1570 p
148 1487 276 1574 uritque
305 1509 380 1552 cum
405 1487 571 1574 Ariperto,
596 1499 627 1555 et
653 1489 738 1554 iacta
764 1497 812 1554 est
837 1500 900 1554 ex⁰
926 1500 1060 1577 unaque
1085 1502 1176 1577 parte

50 1590 90 1632 m
124 1578 194 1634 tas
320 1570 535 1672 populorum..
568 1569 634 1638 Sed
653 1572 799 1659 quamvis
820 1571 882 1636 adr
910 1584 1088 1639 extremum
1108 1597 1175 1640 nox

51 1651 217 1736 proelium
284 1655 413 1738 miscet,
428 1665 548 1722 certum
566 1663 670 1722 tamen
685 1665 742 1735 est,
759 1655 924 1721 Balearica
938 1666 1028 1744 terga
1040 1659 1175 1743 praebu-

51 1737 122 1801 isse
147 1747 180 1802 et
204 1737 345 1825 Ariperti
378 1740 579 1806 exercitum‘t
610 1740 765 1806 victorem
796 1738 838 1804 ad
870 1749 974 1804 eastra
1005 1763 1174 1810 remeasse.

53 1819 125 1886 Sed
146 1820 224 1885 dum
238 1823 369 1910 Aripert
389 1824 423 1888 in
444 1823 555 1888 castris
576 1843 703 1888 manere
723 1819 887 1905 noluisset,
916 1823 972 1890 sed
993 1825 1101 1911 potius
1123 1826 1175 1891 Ti-

53 1905 166 1968 cinum
194 1905 354 1971 civitatem
383 1907 552 1987 introisset,
583 1915 615 1970 et
635 1907 701 1971 suis
729 1905 791 1971 hoc
814 1905 899 1974 facto
921 1906 1175 1994 desperationem

54 1996 91 2053 et
111 1987 302 2053 adversariis
317 1989 483 2054 audaciam
497 1988 655 2074 praebuit.
688 1988 753 2070 Qui
774 1991 993 2076 postquamin
1014 1992 1174 2058 civitatem

51 2093 72 2136 r
151 2092 220 2136 ssus
234 2080 292 2150 est,
313 2079 346 2137 ei
364 2072 525 2154 sensisset,
545 2071 622 2158 quia
635 2092 694 2158 pro
708 2071 769 2137 hoe
789 2071 875 2138 facto
889 2095 983 2138 suum
997 2075 1174 2141 exercitum

52 2175 75 2218 o
118 2175 212 2219 nsum
232 2151 373 2237 haberet,
397 2176 475 2220 mox
496 2163 627 2222 acceto
654 2153 786 2220 consilio
807 2167 860 2223 utr
888 2158 922 2221 in
942 2158 1098 2224 Francia·
1126 2159 1173 2224 iu·
1294 2221 1296 2224 .

78 2240 169 2319 eret‘,
196 2241 351 2324 quantum
373 2237 436 2304 sibi
463 2237 541 2304 utile
562 2177 655 2304 <luxit
674 2250 720 2304 e¹¹
746 2237 865 2325 palatio
894 2261 1008 2306 aurum
1037 2242 1173 2310 sustulit.

50 2260 122 2401 {ui
136 2319 214 2385 dum
227 2319 363 2392 fluvium
377 2321 527 2387 Ticinum
541 2331 693 2407 gravatus
706 2344 784 2387 auro
799 2332 997 2390 namnetem
1011 2324 1172 2410 voluisset,

49 2403 185 2490 ibique*
206 2425 368 2488 corruens,
387 2405 587 2472 suiiocatusw
607 2406 700 2494 aquis
721 2407 880 2472 extinctus
906 2417 963 2473 est
1007 2406 1108 2473 (iuius
1138 2409 1173 2474 in

52 2487 229 2552 crastinum
254 2488 343 2554 diem
367 2511 483 2576 corpus
504 2490 685 2572 inventum,
717 2491 751 2556 in
777 2488 896 2576 palatio
925 2490 1105 2558 ordinatum
1133 2515 1173 2559 ac

53 2568 169 2636 deinde
200 2570 242 2636 ad
277 2571 467 2638 basilicam¹
502 2573 625 2639 domini
663 2572 853 2658 salvatoris,
893 2595 990 2662 quam
1022 2577 1172 2726 antiqplus

50 2655 183 2739 Aripart
210 2665 447 2740 construxerat,
475 2655 635 2744 prolatum
663 2657 773 2745 ibique
794 2655 975 2745 sepultum!
1001 2668 1058 2725 est.
1142 2663 1173 2726 ic
1182 2684 1231 2725 m.

9 2783 10 2822 ,
52 2739 88 2800 in
121 2733 235 2803 diebus
269 2738 386 2826 quibus
416 2763 451 2806 re
496 2762 553 2806 nm
586 2741 688 2806 tenuit
719 2751 817 2808 noctu
848 2742 1016 2828 egrediens
1047 2755 1078 2810 et
1110 2743 1172 2810 hac

9 2869 10 2902 3
53 2818 188 2909 illaeque
208 2844 357 2909 pergens,
385 2825 441 2911 qui
485 2824 525 2891 de
547 2846 585 2895 eo
606 2844 627 2888 a
648 2825 697 2889 sin
756 2825 766 2843 ”
804 2823 988 2891 civitatibus
1002 2824 1169 2911 dicaretur,

51 2926 113 2991 per
134 2907 359 2994 semetipsum
381 2906 580 2995 explorabat,
602 2928 641 2973 ac
686 2909 693 2924 '
759 2917 839 2990 nter,
867 2907 995 3056 puniam
1016 2910 1168 2976 iustitiam

51 2987 170 3074 singuli
182 2989 304 3056 iudices
324 2989 518 3079 populosae
539 2992 690 3076 iacerent,
711 2992 869 3078 investiga
891 3001 938 3058 at.
977 2993 1052 3078 Hic,
1074 2993 1168 3059 adve-

49 3072 212 3138 nientibus
233 3073 275 3140 ad
296 3097 332 3140 se
344 3076 690 3162 exterarumgentium
710 3073 834 3162 legatis,
853 3074 972 3142 vilibus
993 3098 1099 3142 coram
1121 3077 1167 3142 eis

9 3199 10 3236 3
51 3155 194 3223 vestibus
215 3159 283 3224 sive
303 3157 459 3246 pelliciis¹
480 3158 643 3244 utebatur3
664 3159 892 3246 utqueminus
905 3159 1018 3226 Italiae
1038 3158 1165 3224 insidia-

9 3317 10 3322 ,
50 3249 191 3325 rentur⁸,
223 3262 399 3329 numquam
431 3243 477 3307 eis
532 3243 648 3308 retiosa
678 3243 755 3308 vina
781 3241 833 3309 vel
859 3253 1034 3310 ceterarum
1060 3265 1167 3308 rerum

9 3389 10 3394 ,
49 3322 180 3388 delicias
208 3325 409 3391 ministrabat
418 3326 442 3390 l.
522 3325 653 3410 egnavit
680 3335 887 3393 autemeam
920 3336 1011 3452 patre
1038 3325 1169 3414 Ragim

49 3415 158 3493 perto⁶
173 3409 242 3473 sive
263 3407 351 3474 solus
372 3407 532 3496 usquead
552 3429 672 3474 annum
692 3408 917 3477 duodecimum
941 3456 948 3473 .
991 3409 1069 3475 Fuit
1089 3432 1168 3497 quo-

9 3579 10 3582 *
48 3567 74 3618 a)
96 3568 172 3618 sitne
193 3569 213 3610 r
231 3571 251 3610 1.
323 3567 348 3624 b)
370 3571 495 3614 scelestam
518 3571 574 3614 02.
597 3572 656 3614 Di.
674 3573 695 3616 1.
721 3572 778 3614 (11.
793 3571 863 3620 duct
894 3570 1008 3613 ecelesiae
1031 3572 1086 3616 cl.
1109 3572 1166 3615 (11.

47 3626 73 3679 c)
87 3638 218 3679 muctar.
234 3628 342 3679 misae
357 3627 566 3673 (11113111.
584 3631 644 3673 su·
711 3630 735 3681 d)
750 3629 975 3673 Anutssiuml'l,
1032 3629 1165 3684 dranum

46 3687 250 3730 ΜΡΜΗ.
267 3687 288 3728 1.
348 3686 611 3740 oqnedeestGl.2.
670 3684 1019 3741 ulman-stadensi.
1079 3689 1163 3741 misc·

10 3749 16 3765 *
46 3751 121 3787 torem
136 3744 157 3787 (t
175 3747 196 3787 1.
214 3746 234 3788 1.
249 3747 272 3790 1.
331 3745 350 3800 i)
366 3749 427 3790 sexti
442 3749 518 3790 sancti
533 3748 554 3789 A
569 3746 601 3788 ’1.
660 3746 686 3800 k)
701 3746 829 3797 Astsprand
843 3742 904 3789 A‘t.
963 3746 982 3800 1)
997 3747 1164 3802 'teudipertnm

44 3804 281 3856 01.1t;'rsmpsrt
294 3805 401 3848 Ami.
441 3805 748 3858 miductooib.Ft.Gt
765 3815 848 3846 ecorr.
865 3805 1162 3856 43ductereG5s.c.1¹.

44 3863 72 3912 ιι)
87 3873 138 3905 curu
153 3874 174 3906 e.
191 3863 209 3905 c
225 3865 246 3905 1.
263 3866 290 3914 ες
306 3865 470 3907 exercitant
487 3867 511 3915 13
536 3864 651 3907 exercitur
666 3863 688 3904 D
704 3861 748 3904 'ta
765 3863 783 3904 F
798 3864 820 3905 4.
836 3863 858 3906 (t
873 3865 942 3906 bac.
958 3866 970 3906 1
985 3867 1006 3906 1.
1069 3861 1091 3915 ο)
1107 3864 1164 3904 decu

45 3921 116 3965 nti.
174 3919 343 3974 naemu.
403 3921 581 3975 veneralia?
599 3924 619 3964 1.
679 3919 700 3973 r)
713 3926 764 3973 port
779 3923 851 3973 sappi.
868 3923 886 3964 Ε·
904 3926 924 3964 1.
984 3921 1087 3974 sittaA
1104 3925 1123 3962 1.
1141 3922 1162 3965 1.

45 3981 546 4031 Bt.1>1.81.l'1;l'rsncismeeteri.
605 3978 624 4033 1)
639 3981 842 4031 mormius-⁸.
902 3978 1163 4033 nutritam-i.

46 4043 134 4090 -pcst
148 4040 197 4090 pst.
218 4049 326 4091 merser.
348 4043 427 4082 sutem
450 4039 509 4083 (Η.
583 4037 608 4092 v)
623 4039 656 4080 tbi
678 4039 700 4080 A
714 4037 746 4083 ’1.
769 4040 839 4084 (1.1).
913 4037 1083 4091 wlsuiiuaestus
1105 4037 1126 4079 A
1143 4040 1164 4080 1.

42 4095 71 4150 x)
85 4096 178 4140 bullica
191 4097 211 4139 P
226 4102 247 4140 1.
306 4096 331 4151 y)
347 4099 450 4150 sepultus
464 4098 665 4141 At-estdmt
679 4097 701 4141 A
717 4099 738 4140 8.
790 4097 813 4151 z)
828 4098 949 4151 pellicibus
964 4094 1026 4139 A‘s.
1070 4095 1094 4148 a)
1107 4098 1164 4140 insi·

47 4156 170 4200 disrentA
185 4157 208 4200 8.
222 4158 242 4198 P
257 4159 278 4200 1.
295 4155 316 4200 G
332 4160 353 4198 1.
369 4158 390 4199 1.
450 4156 475 4211 b>
491 4157 654 4200 ministrabant
670 4157 722 4201 Gi.
739 4159 760 4202 1.
778 4180 804 4190 -
819 4157 891 4208 Pcrptt
907 4155 927 4198 G
943 4155 965 4197 1.
1025 4151 1047 4207 e)
1063 4155 1165 4209 Ratinp.

9 4247 11 4284 ,
46 4213 827 4271 As.'aus.r1.t}1;1tsoernt.es;nsrms.ns‚ara.
888 4211 912 4266 d>
928 4213 1139 4260 duodecimam.

9 4313 16 4372 ξ’·
49 4345 77 4414 1)
95 4347 139 4416 qui
157 4353 186 4400 et
203 4349 337 4401 Artemius
357 4349 445 4401 dictus
465 4354 507 4402 est
524 4347 638 4400 Paulas.

878 4448 930 4499 lt·
